@Book{DataStructure,
author = {Chris Okasaki},
title = {Purely Functionnal Data Structures},
publisher = {Cambridge University Press},
year = {1998},
note = {page 17}
}

    @article{ACM,
    author = {Floyd, Robert W.},
    title = {Algorithm 245: Treesort},
    year = {1964},
    issue_date = {Dec. 1964},
    publisher = {Association for Computing Machinery},
    address = {New York, NY, USA},
    volume = {7},
    number = {12},
    issn = {0001-0782},
    url = {https://doi.org/10.1145/355588.365103},
    doi = {10.1145/355588.365103},
    journal = {Commun. ACM},
    month = {dec},
    pages = {701},
    numpages = {2}
    }

@book{Knuth,
author = {Knuth, Donald E.},
title = {The Art of Computer Programming,  Volume 3: (2nd Ed.) Sorting and Searching},
year = {1998},
isbn = {0201896850},
publisher = {Addison Wesley Longman Publishing Co., Inc.},
address = {USA}
}
      

