@article{DOBERKAT1984114,
title = {An average case analysis of Floyd's algorithm to construct heaps},
journal = {Information and Control},
volume = {61},
number = {2},
pages = {114-131},
year = {1984},
issn = {0019-9958},
doi = {https://doi.org/10.1016/S0019-9958(84)80053-4},
url = {https://www.sciencedirect.com/science/article/pii/S0019995884800534},
author = {Ernst E. Doberkat},
abstract = {The expected number of interchanges and comparisons in Floyd's well-known algorithm to construct heaps and derive the probability generating functions for these quantities are considered. From these functions the corresponding expected values are computed.}
}